@article{Tong2007,
   author = {A. Tong and P. Sainsbury and J. Craig},
   doi = {10.1093/intqhc/mzm042},
   issn = {1353-4505},
   issue = {6},
   journal = {International Journal for Quality in Health Care},
   month = {9},
   pages = {349-357},
   title = {Consolidated criteria for reporting qualitative research (COREQ): a 32-item checklist for interviews and focus groups},
   volume = {19},
   year = {2007}
}
@book{Sugiyono2018,
   author = {Sugiyono},
   publisher = {Alfabeta},
   title = {Metode Penelitian Kuantitatif, Kualitatif dan R\&D},
   year = {2018}
}
@book{Robson2016,
   author = {C. Robson and K. McCartan},
   publisher = {Wiley},
   title = {Real World Research},
   year = {2016}
}
@book{Locke2010,
   author = {L. F. Locke and W. W. Spirduso and S. J. Silverman},
   publisher = {Sage Publications},
   title = {Proposals that Work: A Guide for Planning Dissertations and Grant Proposals},
   year = {2010}
}
@book{Kumar2014,
   author = {R. Kumar},
   publisher = {Sage Publications},
   title = {Research Methodology: A Step-by-Step Guide for Beginners},
   year = {2014}
}
@article{Knight2008,
   author = {Linda V. Knight and Theresa A. Steinbach},
   doi = {10.28945/51},
   issn = {1556-8881},
   journal = {International Journal of Doctoral Studies},
   pages = {059-079},
   title = {Selecting an Appropriate Publication Outlet: A Comprehensive Model of Journal Selection Criteria for Researchers in a Broad Range of Academic Disciplines},
   volume = {3},
   year = {2008}
}
@book{Creswell2014,
   author = {J. W. Creswell},
   publisher = {Sage Publications},
   title = {Research Design: Qualitative, Quantitative, and Mixed Methods Approaches},
   year = {2014}
}
@book{Bazeley2013,
   author = {P. Bazeley},
   publisher = {Sage Publications},
   title = {Managing Data in Qualitative Research},
   year = {2013}
}



